<record><leader>00000cas a2200000 i 4500</leader><controlfield tag="001">15798382</controlfield><controlfield tag="008">870602d1881189uinuwr ne      0    0eng c</controlfield><datafield ind1=" " ind2=" " tag="010"><subfield code="a">sn 87056025 </subfield></datafield><datafield ind1=" " ind2=" " tag="040"><subfield code="a">NPI</subfield><subfield code="b">eng</subfield><subfield code="e">rda</subfield><subfield code="c">NPI</subfield><subfield code="d">OCLCQ</subfield><subfield code="d">IUL</subfield><subfield code="d">OCLCF</subfield></datafield><datafield ind1=" " ind2=" " tag="042"><subfield code="a">pcc</subfield></datafield><datafield ind1=" " ind2=" " tag="043"><subfield code="a">n-us-in</subfield></datafield><datafield ind1="0" ind2="0" tag="245"><subfield code="a">Logansport weekly Pharos.</subfield></datafield><datafield ind1=" " ind2="1" tag="264"><subfield code="a">Logansport, Ind. :</subfield><subfield code="b">Louthain &amp; Barnes,</subfield><subfield code="c">1881-</subfield></datafield><datafield ind1=" " ind2=" " tag="300"><subfield code="a">volumes</subfield></datafield><datafield ind1=" " ind2=" " tag="310"><subfield code="a">Weekly</subfield></datafield><datafield ind1=" " ind2=" " tag="336"><subfield code="a">text</subfield><subfield code="b">txt</subfield><subfield code="2">rdacontent</subfield></datafield><datafield ind1=" " ind2=" " tag="337"><subfield code="a">unmediated</subfield><subfield code="b">n</subfield><subfield code="2">rdamedia</subfield></datafield><datafield ind1=" " ind2=" " tag="338"><subfield code="a">volume</subfield><subfield code="b">nc</subfield><subfield code="2">rdacarrier</subfield></datafield><datafield ind1="0" ind2=" " tag="362"><subfield code="a">Vol. XXXVII, no. 19 (October 5, 1881)- = Whole no. 1938-</subfield></datafield><datafield ind1=" " ind2=" " tag="580"><subfield code="a">Daily ed.: Logansport daily Pharos (Logansport, Ind. : 1874); Evening Pharos; Logansport daily Pharos (Logansport, Ind. : 1881).</subfield></datafield><datafield ind1=" " ind2=" " tag="588"><subfield code="a">Latest issue consulted:  50th year, no. 22 (December 26, 1894); U.S. Newspaper Archive (viewed May 5, 2017).</subfield></datafield><datafield ind1=" " ind2="0" tag="651"><subfield code="a">Logansport (Ind.)</subfield><subfield code="v">Newspapers.</subfield></datafield><datafield ind1=" " ind2="0" tag="651"><subfield code="a">Cass County (Ind.)</subfield><subfield code="v">Newspapers.</subfield></datafield><datafield ind1=" " ind2="7" tag="655"><subfield code="a">Newspapers.</subfield><subfield code="2">fast</subfield><subfield code="0">(OCoLC)fst01423814</subfield></datafield><datafield ind1=" " ind2="7" tag="651"><subfield code="a">Indiana</subfield><subfield code="z">Cass County.</subfield><subfield code="2">fast</subfield><subfield code="0">(OCoLC)fst01206116</subfield></datafield><datafield ind1=" " ind2="7" tag="651"><subfield code="a">Indiana</subfield><subfield code="z">Logansport.</subfield><subfield code="2">fast</subfield><subfield code="0">(OCoLC)fst01206115</subfield></datafield><datafield ind1=" " ind2=" " tag="752"><subfield code="a">United States</subfield><subfield code="b">Indiana</subfield><subfield code="c">Cass</subfield><subfield code="d">Logansport.</subfield></datafield><datafield ind1="1" ind2=" " tag="775"><subfield code="t">Logansport daily Pharos (Logansport, Ind. : 1874)</subfield><subfield code="w">(DLC)sn 84037910</subfield><subfield code="w">(OCoLC)11161573</subfield></datafield><datafield ind1="1" ind2=" " tag="775"><subfield code="t">Evening Pharos</subfield><subfield code="w">(DLC)sn 87056029</subfield><subfield code="w">(OCoLC)15861656</subfield></datafield><datafield ind1="1" ind2=" " tag="775"><subfield code="t">Logansport daily Pharos (Logansport, Ind. : 1881)</subfield><subfield code="w">(DLC)sn 87056028</subfield><subfield code="w">(OCoLC)15861903</subfield></datafield><datafield ind1="0" ind2="0" tag="780"><subfield code="t">Logansport Pharos (Logansport, Ind. : Weekly)</subfield><subfield code="w">(DLC)sn 87056024</subfield><subfield code="w">(OCoLC)15861565</subfield></datafield><datafield ind1="0" ind2="0" tag="785"><subfield code="t">Saturday Pharos</subfield><subfield code="w">(DLC)sn 87056031</subfield><subfield code="w">(OCoLC)15798125</subfield></datafield><datafield ind1="4" ind2="1" tag="856"><subfield code="u">https://access.newspaperarchive.com/us/indiana/logansport/logansport-weekly-pharos/</subfield></datafield></record>